<record><leader>00000cas a2200000 a 4500</leader><controlfield tag="001">31854648</controlfield><controlfield tag="007">hd bfu---baat</controlfield><controlfield tag="007">hd afu---bact</controlfield><controlfield tag="008">950119d19171929nbuwr nea     0    0eng c</controlfield><datafield ind1=" " ind2=" " tag="010"><subfield code="a">sn 95069021 </subfield></datafield><datafield ind1=" " ind2=" " tag="040"><subfield code="a">NVG</subfield><subfield code="b">eng</subfield><subfield code="c">NVG</subfield><subfield code="d">OCLCQ</subfield><subfield code="d">OCLCF</subfield><subfield code="d">OCLCO</subfield></datafield><datafield ind1="1" ind2=" " tag="029"><subfield code="a">AU@</subfield><subfield code="b">000011542240</subfield></datafield><datafield ind1=" " ind2=" " tag="042"><subfield code="a">pcc</subfield></datafield><datafield ind1=" " ind2=" " tag="043"><subfield code="a">n-us-nb</subfield></datafield><datafield ind1="0" ind2=" " tag="130"><subfield code="a">Tribune (Blair, Neb. : 1917)</subfield></datafield><datafield ind1="1" ind2="4" tag="245"><subfield code="a">The tribune</subfield><subfield code="h">[microform].</subfield></datafield><datafield ind1=" " ind2=" " tag="260"><subfield code="a">Blair, Washington County, Neb. :</subfield><subfield code="b">Thos. T. Osterman,</subfield><subfield code="c">1917-1929.</subfield></datafield><datafield ind1=" " ind2=" " tag="300"><subfield code="a">12 v.</subfield></datafield><datafield ind1=" " ind2=" " tag="310"><subfield code="a">Weekly</subfield></datafield><datafield ind1="0" ind2=" " tag="362"><subfield code="a">Vol. 48, no. 30 (Dec. 27, 1917)-v. 59, no. 37 (Jan. 31, 1929).</subfield></datafield><datafield ind1=" " ind2=" " tag="580"><subfield code="a">Merged with: Blair pilot, to form: pilot-gribune (Blair, Neb.).</subfield></datafield><datafield ind1=" " ind2=" " tag="533"><subfield code="a">Microfilm.</subfield><subfield code="m">Dec. 27,1917-Jan. 31,1929:[Gaps]</subfield><subfield code="b">Lincoln, Neb. :</subfield><subfield code="c">Nebraska State Historical Society.</subfield><subfield code="e">5 microfilm reels ; 35 mm.</subfield></datafield><datafield ind1=" " ind2="0" tag="651"><subfield code="a">Washington County (Neb.)</subfield><subfield code="v">Newspapers.</subfield></datafield><datafield ind1=" " ind2="7" tag="655"><subfield code="a">Newspapers.</subfield><subfield code="2">fast</subfield><subfield code="0">(OCoLC)fst01423814</subfield></datafield><datafield ind1=" " ind2="7" tag="651"><subfield code="a">Nebraska</subfield><subfield code="z">Washington County.</subfield><subfield code="2">fast</subfield><subfield code="0">(OCoLC)fst01211923</subfield></datafield><datafield ind1=" " ind2=" " tag="752"><subfield code="a">United States</subfield><subfield code="b">Nebraska</subfield><subfield code="c">Washington</subfield><subfield code="d">Blair.</subfield></datafield><datafield ind1="0" ind2="0" tag="780"><subfield code="t">Tribune and Blair Democrat</subfield><subfield code="w">(DLC)sn 95069020</subfield></datafield><datafield ind1="1" ind2="7" tag="785"><subfield code="t">Blair pilot</subfield><subfield code="w">(DLC)sn 95069022</subfield></datafield><datafield ind1="1" ind2="7" tag="785"><subfield code="t">Pilot-tribune (Blair, Neb.)</subfield><subfield code="w">(DLC)sn 95069023</subfield></datafield></record>